Balcão	Produto da conta	Moeda	Nª Conta		
SINTRA	CONTA EMP.ORDEM+	EUR	050.10.001073-0		
Nome 1º Titular	Movimentos	Data/hora Consulta			
SOCIEDADE UNIÃO SINTRENSE	De 2023-09-01 a 2023-09-30	2023-12-29 23:29			
Saldo Contabilístico	Saldo Descob. Autorizado	Saldo Indisponível	Saldo Cativo		
21.479,97	0,00	0,00	0,00		
Saldo Autorizado	Saldo Disponível				
21.479,97	21.479,97				
DATA MOV.	DATA VALOR	DESCRIÇÃO	IMPORTÂNCIA	SALDO CONTABILÍSTICO	
2023-09-01	2023-09-01	SP-00026322892 SECURITAS DIREC	-58,43	23.979,58	
2023-09-01	2023-09-01	COMPRA   FORUM CHINA	-37,35	23.942,23	
2023-09-01	2023-09-01	COMPRA   ALCANCE A MANEIRA	-23,51	23.918,72	
2023-09-02	2023-09-02	TRF.IPS P/ JOSE CARLOS DA SIL	-1.258,85	22.659,87	
2023-09-03	2023-09-03	COMPRA   JARDIM PRIMAVERA	-27,80	22.632,07	
2023-09-03	2023-09-03	COMPRA   STAPLES PORTUGAL SA	-21,10	22.610,97	
2023-09-04	2023-09-04	COMPRA   ALCANCE A MANEIRA	-24,05	22.586,92	
2023-09-05	2023-09-05	COMPRA   PARQUES DE SINTRA	-53,00	22.533,92	
2023-09-07	2023-09-07	SP-00531446107 VODAFONE PORTUG	-52,20	22.481,72	
2023-09-09	2023-09-09	COMPRA   STAPLES PORTUGAL SA	-17,28	22.464,44	
2023-09-11	2023-09-11	COMPRA   SINTRA ELECTRICA DE	-112,48	22.351,96	
2023-09-11	2023-09-11	COMPRA   PORTUGALIA B SINTRA	-24,80	22.327,16	
2023-09-12	2023-09-12	SP-00010367661 MAFEP - Materia	-29,52	22.297,64	
2023-09-13	2023-09-13	TRF. CÉLIA MARIA RAMOS BAIXINH	24,00	22.321,64	
2023-09-13	2023-09-13	SOLUÇÃO ESOCIAL	-4,00	22.317,64	
2023-09-13	2023-09-13	I.S. COM. MAN. CTA PACOTE	-0,16	22.317,48	
2023-09-18	2023-09-18	SP-50076845118 ENDESA ENERGIA	-68,64	22.248,84	
2023-09-19	2023-09-19	SP-50076845506 ENDESA ENERGIA	-12,91	22.235,93	
2023-09-19	2023-09-17	COMPRA   PRIMARK SINTRA-FORUM	-49,60	22.186,33	
2023-09-19	2023-09-17	COMPRA   NORMAL RIO DE M	-38,60	22.147,73	
2023-09-20	2023-09-20	COMPRA   VIDREIRA IRMAOS	-150,00	21.997,73	
2023-09-24	2023-09-24	COMPRA   BOTAMINUTO	-21,40	21.976,33	
2023-09-26	2023-09-26	COMPRA   LEROY MERLIN SINTRA	-34,99	21.941,34	
2023-09-27	2023-09-27	SP-96611566046 Servicos Munici	-29,40	21.911,94	
2023-09-27	2023-09-27	TRF.IPS P/ BARBARA RITA SANTO	-15,00	21.896,94	
2023-09-27	2023-09-27	TRF.IPS P/ BARBARA RITA SANTO	-9,90	21.887,04	
2023-09-27	2023-09-27	TRF.IPS P/ VASCO PEREIRA	-159,00	21.728,04	
2023-09-27	2023-09-27	TRF.IPS P/ RICARDO PEREIRA	-38,34	21.689,70	
2023-09-27	2023-09-27	TRF.IPS P/ RICARDO PEREIRA	-65,00	21.624,70	
2023-09-27	2023-09-27	TRF.IPS P/ RICARDO PEREIRA	-135,00	21.489,70	
2023-09-27	2023-09-27	PAG.SERV. 11802 894293718	-35,00	21.454,70	
2023-09-28	2023-09-26	COMPRA   PRIMARK SINTRA-FORUM	-20,80	21.433,90	
2023-09-28	2023-09-26	COMPRA   PRIMARK SINTRA-FORUM	-47,00	21.386,90	
					
