Balcão	Produto da conta	Moeda	Nª Conta		
SINTRA	CONTA EMP.ORDEM+	EUR	050.10.001073-0		
Nome 1º Titular	Movimentos	Data/hora Consulta			
SOCIEDADE UNIÃO SINTRENSE	De 2023-10-01 a 2023-10-31	2023-12-29 23:30			
Saldo Contabilístico	Saldo Descob. Autorizado	Saldo Indisponível	Saldo Cativo		
21.479,97	0,00	0,00	0,00		
Saldo Autorizado	Saldo Disponível				
21.479,97	21.479,97				
DATA MOV.	DATA VALOR	DESCRIÇÃO	IMPORTÂNCIA	SALDO CONTABILÍSTICO	
2023-10-01	2023-10-01	COMPRA   FORUM CHINA	-7,50	21.379,40	
2023-10-01	2023-10-01	COMPRA   AUCHAN SINTRA	-66,50	21.312,90	
2023-10-02	2023-10-02	TRF.P/ DANIEL ALEXANDRE	-70,00	21.242,90	
2023-10-02	2023-10-02	SP-00026322892 SECURITAS DIREC	-58,43	21.184,47	
2023-10-02	2023-10-02	TR-IPS-BDLS HSP, UNIPESSOAL LD	937,50	22.121,97	
2023-10-03	2023-10-03	COMPRA   BURGER KING	-16,79	22.105,18	
2023-10-03	2023-10-03	COMPRA   VIDREIRA IRMAOS	-22,00	22.083,18	
2023-10-03	2023-10-03	COMPRA   MEDIA MARKT SINTRA	-54,98	22.028,20	
2023-10-04	2023-10-04	COMPRA   BIJOU BRIGITTE D VIT	-52,92	21.975,28	
2023-10-04	2023-10-04	COMPRA   SEPHORA	-160,97	21.814,31	
2023-10-05	2023-10-03	COMPRA   Claire's	-12,99	21.801,32	
2023-10-06	2023-10-06	SP-00531446107 VODAFONE PORTUG	-52,20	21.749,12	
2023-10-06	2023-10-04	COMPRA   LOJAS PRIMARK LISBON	-34,80	21.714,32	
2023-10-06	2023-10-04	COMPRA   IKEA ALFRAGIDE CAIXA	-31,85	21.682,47	
2023-10-07	2023-10-04	COMPRA   PRIMOR CC DOLCE VITA	-16,47	21.666,00	
2023-10-07	2023-10-07	COMPRA   SINTRA ELECTRICA DE	-149,81	21.516,19	
2023-10-08	2023-10-08	COMPRA   RIMA	-6,80	21.509,39	
2023-10-12	2023-10-12	COMPRA   FUNDACAO CALOUSTE	-36,25	21.473,14	
2023-10-12	2023-10-12	COMPRA   POUPANCA MEM MARTINS	-147,31	21.325,83	
2023-10-12	2023-10-12	COMPRA   HIPER CHINA	-24,50	21.301,33	
2023-10-13	2023-10-13	SOLUÇÃO ESOCIAL	-4,00	21.297,33	
2023-10-13	2023-10-13	I.S. COM. MAN. CTA PACOTE	-0,16	21.297,17	
2023-10-14	2023-10-14	LEV.ATM    3503	-50,00	21.247,17	
2023-10-15	2023-10-15	COMPRA   FUNDACAO CALOUSTE	-17,50	21.229,67	
2023-10-19	2023-10-19	SP-50076845118 ENDESA ENERGIA	-74,20	21.155,47	
2023-10-19	2023-10-19	SP-50076845506 ENDESA ENERGIA	-11,73	21.143,74	
2023-10-20	2023-10-20	SP-00010367661 MAFEP - Materia	-29,52	21.114,22	
2023-10-23	2023-10-23	TRF.IPS P/ MEDIMAPE	-102,12	21.012,10	
2023-10-23	2023-10-23	TRF.IPS P/ LOURIFERRAGENS	-96,31	20.915,79	
2023-10-23	2023-10-23	TRF.IPS P/ UTILTEAM	-46,37	20.869,42	
2023-10-23	2023-10-23	TRF.IPS P/ JUNK SERVICES, LDA	-593,60	20.275,82	
2023-10-27	2023-10-27	ENTREGA NUMERÁRIO	180,00	20.455,82	
2023-10-27	2023-10-27	ENTREGA NUMERÁRIO	960,00	21.415,82	
2023-10-27	2023-10-27	ENTREGA NUMERÁRIO	392,51	21.808,33	
2023-10-29	2023-10-29	COMPRA   LIDL AGRADECE	-46,97	21.761,36	
2023-10-30	2023-10-30	TRF.P/ DANIEL ALEXANDRE	-70,00	21.691,36	
2023-10-30	2023-10-30	SP-96611566046 Servicos Munici	-24,84	21.666,52	
					
