Balcão	Produto da conta	Moeda	Nª Conta		
SINTRA	CONTA EMP.ORDEM+	EUR	050.10.001073-0		
Nome 1º Titular	Movimentos	Data/hora Consulta			
SOCIEDADE UNIÃO SINTRENSE	De 2023-03-01 a 2023-03-31	2023-05-15 09:15			
Saldo Contabilístico	Saldo Descob. Autorizado	Saldo Indisponível	Saldo Cativo		
18.831,11	0,00	0,00	0,00		
Saldo Autorizado	Saldo Disponível				
18.831,11	18.831,11				
DATA MOV.	DATA VALOR	DESCRIÇÃO	IMPORTÂNCIA	SALDO CONTABILÍSTICO	
2023-03-01	2023-03-01	SP-96611566046 Servicos Munici	-18,59	22.799,39	
2023-03-01	2023-03-01	SP-00026322892 SECURITAS DIREC	-58,43	22.740,96	
2023-03-01	2023-03-01	COMPRA   AUCHAN SINTRA	-64,07	22.676,89	
2023-03-01	2023-03-01	COMPRA   LEROY MERLIN SINTRA	-160,61	22.516,28	
2023-03-02	2023-02-28	COMPRA   PRIMARK SINTRA-FORUM	-147,60	22.368,68	
2023-03-03	2023-03-01	COMPRA   BRICO DEPOT SINTRA	-95,30	22.273,38	
2023-03-06	2023-03-06	TR-IPS-BDLS HSP, UNIPESSOAL LD	750,00	23.023,38	
2023-03-07	2023-03-07	COMPRA   LIDL AGRADECE	-38,62	22.984,76	
2023-03-07	2023-03-07	COMPRA   HIPER CHINA	-25,15	22.959,61	
2023-03-08	2023-03-08	SP-00531446107 VODAFONE PORTUG	-53,71	22.905,90	
2023-03-08	2023-03-08	COMPRA   A.DA COSTA,LDA	-350,00	22.555,90	
2023-03-08	2023-03-08	COMPRA   FORUM CHINA	-75,12	22.480,78	
2023-03-10	2023-03-10	SP-10367661    MAFEP MATERIAL	-29,52	22.451,26	
2023-03-12	2023-03-12	TRF.IPS P/ VASCO PEREIRA	-129,00	22.322,26	
2023-03-12	2023-03-12	TRF.IPS P/ TIPOGRAFIA MEDINA	-151,00	22.171,26	
2023-03-12	2023-03-12	TRF.IPS P/ DANIEL ALEXANDRE	-70,00	22.101,26	
2023-03-12	2023-03-12	TRF.IPS P/ RICARDO PEREIRA	-22,85	22.078,41	
2023-03-12	2023-03-12	TRF.IPS P/ SOCIEDADE PORTUGUE	-38,00	22.040,41	
2023-03-12	2023-03-12	TRF. CONFEDERAÇÃO P C C RECREI	-267,50	21.772,91	
2023-03-13	2023-03-13	SOLUÇÃO ESOCIAL	-4,00	21.768,91	
2023-03-13	2023-03-13	I.S. COM. MAN. CTA PACOTE	-0,16	21.768,75	
2023-03-13	2023-03-13	COMPRA   LEROY MERLIN SINTRA	-58,80	21.709,95	
2023-03-14	2023-03-14	COMPRA   POUPANCA MEM MARTINS	-158,88	21.551,07	
2023-03-14	2023-03-14	COMPRA   FORUM CHINA	-85,35	21.465,72	
2023-03-15	2023-03-15	COMPRA   LEROY MERLIN SINTRA	-26,03	21.439,69	
2023-03-17	2023-03-17	COMPRA   LEROY MERLIN SINTRA	-24,12	21.415,57	
2023-03-20	2023-03-20	COMPRA   MCDONALDS MEM MARTIN	-12,65	21.402,92	
2023-03-21	2023-03-21	SP-50076845118 ENDESA ENERGIA	-60,25	21.342,67	
2023-03-21	2023-03-21	COMPRA   PASTELARIA GREGORIO	-46,55	21.296,12	
2023-03-21	2023-03-21	COMPRA   FORUM CHINA	-115,20	21.180,92	
2023-03-22	2023-03-22	COMPRA   LIDL AGRADECE	-37,02	21.143,90	
2023-03-23	2023-03-23	SP-50076845506 ENDESA ENERGIA	-12,85	21.131,05	
2023-03-23	2023-03-23	COMPRA   PIRIQUITA II	-17,20	21.113,85	
2023-03-24	2023-03-24	COMPRA   TELMO CANASTRA	-13,95	21.099,90	
2023-03-24	2023-03-24	COMPRA   PALADARES FRESCOS	-65,90	21.034,00	
2023-03-25	2023-03-25	COMPRA   AUCHAN SINTRA	-27,28	21.006,72	
2023-03-25	2023-03-25	LEV.ATM    3503	-50,00	20.956,72	
2023-03-25	2023-03-25	LEV.ATM    3503	-50,00	20.906,72	
2023-03-27	2023-03-27	SP-96611566046 Servicos Munici	-6,65	20.900,07	
2023-03-27	2023-03-27	COMPRA   REST APEADEIRO	-100,00	20.800,07	
2023-03-28	2023-03-28	TRF. AMÉLIA IRENE FRANÇA RODRI	-500,00	20.300,07	
2023-03-28	2023-03-28	TRF.IPS P/ MARTA ISABEL PINTO	-14,34	20.285,73	
2023-03-28	2023-03-28	TRF.IPS P/ MARTA ISABEL PINTO	-17,33	20.268,40	
2023-03-28	2023-03-28	TRF.IPS P/ RICARDO PEREIRA	-54,30	20.214,10	
2023-03-28	2023-03-28	PAG.SERV. 21747 501418377	-365,39	19.848,71	
2023-03-28	2023-03-28	TRF.P/ LURDES BELO	-29,60	19.819,11	
2023-03-28	2023-03-28	TRF.IPS P/ LURDES BELO	-8,02	19.811,09	
2023-03-28	2023-03-28	TRF.IPS P/ LURDES BELO	-26,50	19.784,59	
2023-03-28	2023-03-28	TRF.IPS P/ LURDES BELO	-57,63	19.726,96	
2023-03-28	2023-03-28	TRF.IPS P/ LURDES BELO	-22,00	19.704,96	
2023-03-28	2023-03-28	TRF.IPS P/ BARBARA RITA SANTO	-24,90	19.680,06	
2023-03-28	2023-03-28	TRF.IPS P/ BARBARA RITA SANTO	-19,60	19.660,46	
2023-03-28	2023-03-28	TRF.IPS P/ RICARDO PEREIRA	-500,00	19.160,46	
2023-03-29	2023-03-29	COMPRA   LEROY MERLIN SINTRA	-98,47	19.061,99	
2023-03-29	2023-03-29	COMPRA   DSTORE RETAIL SA	-34,99	19.027,00	
2023-03-30	2023-03-30	TRF.P/ DANIEL ALEXANDRE	-70,00	18.957,00	
2023-03-31	2023-03-29	COMPRA   BRICO DEPOT SINTRA	-7,10	18.949,90	
					
