Balcão	Produto da conta	Moeda	Nª Conta		
SINTRA	CONTA EMP.ORDEM+	EUR	050.10.001073-0		
Nome 1º Titular	Movimentos	Data/hora Consulta			
SOCIEDADE UNIÃO SINTRENSE	De 2023-12-01 a 2023-12-31	2024-01-02 13:56			
Saldo Contabilístico	Saldo Descob. Autorizado	Saldo Indisponível	Saldo Cativo		
21.324,24	0,00	0,00	0,00		
Saldo Autorizado	Saldo Disponível				
21.324,24	21.324,24				
DATA MOV.	DATA VALOR	DESCRIÇÃO	IMPORTÂNCIA	SALDO CONTABILÍSTICO	
2023-12-01	2023-12-01	SP-00026322892 SECURITAS DIREC	-58,43	21.070,51	
2023-12-04	2023-12-04	TR-IPS-BDLS HSP, UNIPESSOAL LD	937,50	22.008,01	
2023-12-06	2023-12-06	COMPRA   MAKRO ALFRAGIDE	-490,77	21.517,24	
2023-12-06	2023-12-06	COMPRA   MAKRO ALFRAGIDE	-50,45	21.466,79	
2023-12-06	2023-12-06	COMPRA   FORUM CHINA	-20,15	21.446,64	
2023-12-07	2023-12-07	SP-00531446107 VODAFONE PORTUG	-52,20	21.394,44	
2023-12-07	2023-12-07	COMPRA   AUCHAN SINTRA	-29,12	21.365,32	
2023-12-08	2023-12-06	COMPRA   IKEA ALFRAGIDE CAIXA	-39,55	21.325,77	
2023-12-08	2023-12-08	COMPRA   LEROY MERLIN SINTRA	-27,88	21.297,89	
2023-12-11	2023-12-11	TRF.IPS P/ DIAPTECNICA	-497,00	20.800,89	
2023-12-11	2023-12-11	TRF.IPS P/ RICARDO PEREIRA	-14,00	20.786,89	
2023-12-11	2023-12-11	TRF.IPS P/ RICARDO PEREIRA	-166,00	20.620,89	
2023-12-11	2023-12-11	TRF.IPS P/ VASCO PEREIRA	-34,44	20.586,45	
2023-12-13	2023-12-13	SP-00010367661 MAFEP - Materia	-29,52	20.556,93	
2023-12-13	2023-12-13	SOLUÇÃO ESOCIAL	-4,00	20.552,93	
2023-12-13	2023-12-13	I.S. COM. MAN. CTA PACOTE	-0,16	20.552,77	
2023-12-15	2023-12-15	COMPRA   SINTRA ELECTRICA DE	-139,60	20.413,17	
2023-12-15	2023-12-15	COMPRA   BK19430-MEM MARTINS	-13,78	20.399,39	
2023-12-17	2023-12-15	COMPRA   BRICO DEPOT SINTRA	-10,55	20.388,84	
2023-12-17	2023-12-17	COMPRA   PALACIO NACION AJUDA	-20,00	20.368,84	
2023-12-17	2023-12-17	COMPRA   MUSEU TESOURO REAL	-127,50	20.241,34	
2023-12-19	2023-12-19	SP-50076845118 ENDESA ENERGIA	-69,32	20.172,02	
2023-12-20	2023-12-20	SP-50076845506 ENDESA ENERGIA	-12,78	20.159,24	
2023-12-21	2023-12-21	LEV.ATM    3503	-10,00	20.149,24	
2023-12-29	2023-12-29	ENTREGA NUMERÁRIO	110,00	20.259,24	
2023-12-29	2023-12-29	ENT. NUMERÁRIOFESTA DE NATAL	450,00	20.709,24	
2023-12-29	2023-12-29	ENT. NUMERÁRIOBILHETEIRA TEAT	1.000,00	21.709,24	
2023-12-29	2023-12-29	TR-IPS-RICARDO JORGE BELO PERE	14,00	21.723,24	
2023-12-29	2023-12-29	TR-IPS-RICARDO JORGE BELO PERE	7,00	21.730,24	
2023-12-29	2023-12-29	COMPRA   KODACHI SINTRA	-50,00	21.680,24	
2023-12-29	2023-12-29	TRF.IPS P/ BARBARA RITA SANTO	-23,30	21.656,94	
2023-12-29	2023-12-29	TRF.IPS P/ VASCO PEREIRA	-176,97	21.479,97	
					
