Balcão	Produto da conta	Moeda	Nª Conta		
SINTRA	CONTA EMP.ORDEM+	EUR	050.10.001073-0		
Nome 1º Titular	Movimentos	Data/hora Consulta			
SOCIEDADE UNIÃO SINTRENSE	De 2023-07-01 a 2023-07-31	2023-08-18 13:57			
Saldo Contabilístico	Saldo Descob. Autorizado	Saldo Indisponível	Saldo Cativo		
23.451,66	0,00	0,00	0,00		
Saldo Autorizado	Saldo Disponível				
23.451,66	23.451,66				
DATA MOV.	DATA VALOR	DESCRIÇÃO	IMPORTÂNCIA	SALDO CONTABILÍSTICO	
2023-07-03	2023-07-03	SP-00026322892 SECURITAS DIREC	-58,43	22.998,27	
2023-07-03	2023-07-03	COMPRA   MAREC ESPACO CASA SA	-75,07	22.923,20	
2023-07-03	2023-07-03	COMPRA   POUPANCA MEM MARTINS	-106,74	22.816,46	
2023-07-04	2023-07-04	TR-IPS-BDLS HSP, UNIPESSOAL LD	937,50	23.753,96	
2023-07-06	2023-07-06	SP-00531446107 VODAFONE PORTUG	-52,98	23.700,98	
2023-07-11	2023-07-11	SP-00010367661 MAFEP - Materia	-29,52	23.671,46	
2023-07-13	2023-07-13	SOLUÇÃO ESOCIAL	-4,00	23.667,46	
2023-07-13	2023-07-13	I.S. COM. MAN. CTA PACOTE	-0,16	23.667,30	
2023-07-19	2023-07-19	SP-50076845506 ENDESA ENERGIA	-10,67	23.656,63	
2023-07-20	2023-07-20	SP-50076845118 ENDESA ENERGIA	-99,50	23.557,13	
2023-07-21	2023-07-21	COMPRA   AUCHAN SINTRA	-51,18	23.505,95	
2023-07-23	2023-07-23	COMPRA   ALCANCE A MANEIRA	-39,09	23.466,86	
2023-07-24	2023-07-24	COMPRA   FORUM CHINA	-14,82	23.452,04	
2023-07-24	2023-07-24	LEV.ATM    3503	-30,00	23.422,04	
2023-07-25	2023-07-25	COMPRA   HIPER CHINA	-28,15	23.393,89	
2023-07-26	2023-07-26	COMPRA   PINGO DOCE CAVALEIRA	-27,19	23.366,70	
2023-07-27	2023-07-27	TR-REEMBOLSOS  IRC	360,00	23.726,70	
2023-07-27	2023-07-27	SP-96611566046 Servicos Munici	-23,66	23.703,04	
2023-07-29	2023-07-29	COMPRA   LEROY MERLIN	-20,76	23.682,28	
2023-07-31	2023-07-31	TRF.P/ DANIEL ALEXANDRE	-70,00	23.612,28	
					
