Balcão	Produto da conta	Moeda	Nª Conta		
SINTRA	CONTA EMP.ORDEM+	EUR	050.10.001073-0		
Nome 1º Titular	Movimentos	Data/hora Consulta			
SOCIEDADE UNIÃO SINTRENSE	De 2023-06-01 a 2023-06-30	2023-08-18 13:57			
Saldo Contabilístico	Saldo Descob. Autorizado	Saldo Indisponível	Saldo Cativo		
23.451,66	0,00	0,00	0,00		
Saldo Autorizado	Saldo Disponível				
23.451,66	23.451,66				
DATA MOV.	DATA VALOR	DESCRIÇÃO	IMPORTÂNCIA	SALDO CONTABILÍSTICO	
2023-06-01	2023-06-01	SP-00026322892 SECURITAS DIREC	-58,43	20.239,56	
2023-06-01	2023-06-01	COMPRA   LEROY MERLIN SINTRA	-238,94	20.000,62	
2023-06-02	2023-06-02	TR-MUNICIPIO DE SINTRA	2.500,00	22.500,62	
2023-06-06	2023-06-06	SP-00531446107 VODAFONE PORTUG	-53,08	22.447,54	
2023-06-10	2023-06-08	COMPRA   IKEA ALFRAGIDE CAIXA	-14,75	22.432,79	
2023-06-12	2023-06-12	COMPRA   TAPADAS	-47,95	22.384,84	
2023-06-12	2023-06-12	COMPRA   FORUM CHINA	-30,15	22.354,69	
2023-06-13	2023-06-13	SOLUÇÃO ESOCIAL	-4,00	22.350,69	
2023-06-13	2023-06-13	I.S. COM. MAN. CTA PACOTE	-0,16	22.350,53	
2023-06-14	2023-06-14	SP-00010367661 MAFEP - Materia	-29,52	22.321,01	
2023-06-16	2023-06-16	TR-IPS-BDLS HSP, UNIPESSOAL LD	937,50	23.258,51	
2023-06-19	2023-06-19	SP-50076845506 ENDESA ENERGIA	-10,76	23.247,75	
2023-06-20	2023-06-20	SP-50076845118 ENDESA ENERGIA	-97,39	23.150,36	
2023-06-30	2023-06-30	TRF.P/ DANIEL ALEXANDRE	-70,00	23.080,36	
2023-06-30	2023-06-30	SP-96611566046 Servicos Munici	-23,66	23.056,70	
					
