Balcão	Produto da conta	Moeda	Nª Conta		
SINTRA	CONTA EMP.ORDEM+	EUR	050.10.001073-0		
Nome 1º Titular	Movimentos	Data/hora Consulta			
SOCIEDADE UNIÃO SINTRENSE	De 2023-08-01 a 2023-08-31	2023-09-02 18:54			
Saldo Contabilístico	Saldo Descob. Autorizado	Saldo Indisponível	Saldo Cativo		
22.659,87	0,00	0,00	0,00		
Saldo Autorizado	Saldo Disponível				
22.659,87	22.659,87				
DATA MOV.	DATA VALOR	DESCRIÇÃO	IMPORTÂNCIA	SALDO CONTABILÍSTICO	
2023-08-01	2023-08-01	SP-00026322892 SECURITAS DIREC	-58,43	23.553,85	
2023-08-01	2023-08-01	TR-IPS-BDLS HSP, UNIPESSOAL LD	937,50	24.491,35	
2023-08-05	2023-08-03	COMPRA   PRIMARK SINTRA-FORUM	-45,20	24.446,15	
2023-08-07	2023-08-07	SP-00531446107 VODAFONE PORTUG	-52,46	24.393,69	
2023-08-07	2023-08-07	COMPRA   EMES, EMPRESA MUNIC	-10,00	24.383,69	
2023-08-08	2023-08-08	SP-00010367661 MAFEP - Materia	-29,52	24.354,17	
2023-08-08	2023-08-06	COMPRA   BRICO DEPOT SINTRA	-94,25	24.259,92	
2023-08-10	2023-08-10	COMPRA   LEROY MERLIN	-22,58	24.237,34	
2023-08-12	2023-08-12	COMPRA   MIKE DAVIS FREEPORT	-50,25	24.187,09	
2023-08-13	2023-08-13	SOLUÇÃO ESOCIAL	-4,00	24.183,09	
2023-08-13	2023-08-13	I.S. COM. MAN. CTA PACOTE	-0,16	24.182,93	
2023-08-18	2023-08-18	SP-20000453514 FIDELIDADE COMP	-223,31	23.959,62	
2023-08-18	2023-08-18	SP-50076845506 ENDESA ENERGIA	-10,32	23.949,30	
2023-08-18	2023-08-18	TRF.IPS P/ RICARDO PEREIRA	-74,50	23.874,80	
2023-08-18	2023-08-18	TRF.IPS P/ RICARDO PEREIRA	-24,40	23.850,40	
2023-08-18	2023-08-18	TRF.IPS P/ RICARDO PEREIRA	-350,00	23.500,40	
2023-08-18	2023-08-18	TRF.IPS P/ RICARDO PEREIRA	-48,74	23.451,66	
2023-08-19	2023-08-19	COMPRA   LEROY MERLIN	-29,87	23.421,79	
2023-08-21	2023-08-21	SP-50076845118 ENDESA ENERGIA	-96,26	23.325,53	
2023-08-23	2023-08-23	COMPRA   LEROY MERLIN	-16,30	23.309,23	
2023-08-27	2023-08-27	COMPRA   BCM BRICOLAGE SA	-43,80	23.265,43	
2023-08-27	2023-08-27	COMPRA   ORNIMUNDO 2,SA	-43,72	23.221,71	
2023-08-28	2023-08-28	TR-IPS-BDLS HSP, UNIPESSOAL LD	937,50	24.159,21	
2023-08-30	2023-08-30	TRF.P/ DANIEL ALEXANDRE	-70,00	24.089,21	
2023-08-30	2023-08-30	SP-96611566046 Servicos Munici	-23,66	24.065,55	
2023-08-31	2023-08-31	COMPRA   SINTRA ELECTRICA DE	-27,54	24.038,01	
					
