Balcão	Produto da conta	Moeda	Nª Conta		
SINTRA	CONTA EMP.ORDEM+	EUR	050.10.001073-0		
Nome 1º Titular	Movimentos	Data/hora Consulta			
SOCIEDADE UNIÃO SINTRENSE	De 2023-02-01 a 2023-02-28	2023-05-15 09:15			
Saldo Contabilístico	Saldo Descob. Autorizado	Saldo Indisponível	Saldo Cativo		
18.831,11	0,00	0,00	0,00		
Saldo Autorizado	Saldo Disponível				
18.831,11	18.831,11				
DATA MOV.	DATA VALOR	DESCRIÇÃO	IMPORTÂNCIA	SALDO CONTABILÍSTICO	
2023-02-01	2023-02-01	SP-00026322892 SECURITAS DIREC	-58,43	23.587,40	
2023-02-02	2023-02-02	COMPRA   STAPLES PORTUGAL SA	-49,19	23.538,21	
2023-02-03	2023-02-03	COMPRA   PINGO DOCE	-31,27	23.506,94	
2023-02-05	2023-02-05	TRF.IPS P/ GLOW IN THE DARK	-75,00	23.431,94	
2023-02-05	2023-02-05	TRF.IPS P/ JOAO PAULO AFONSO	-500,00	22.931,94	
2023-02-05	2023-02-05	TRF.IPS P/ DANIEL ALEXANDRE	-70,00	22.861,94	
2023-02-06	2023-02-06	SP-00531446107 VODAFONE PORTUG	-53,71	22.808,23	
2023-02-08	2023-02-08	TR-IPS-BDLS HSP, UNIPESSOAL LD	750,00	23.558,23	
2023-02-09	2023-02-09	SP-10367661    MAFEP MATERIAL	-29,52	23.528,71	
2023-02-13	2023-02-13	SOLUÇÃO ESOCIAL	-4,00	23.524,71	
2023-02-13	2023-02-13	I.S. COM. MAN. CTA PACOTE	-0,16	23.524,55	
2023-02-20	2023-02-20	SP-20000453514 FIDELIDADE COMP	-219,14	23.305,41	
2023-02-20	2023-02-20	COMPRA   AURORA CELESTIAL UNI	-78,36	23.227,05	
2023-02-20	2023-02-20	COMPRA   PARK DOS TECIDOS	-15,39	23.211,66	
2023-02-21	2023-02-21	SP-50076845506 ENDESA ENERGIA	-10,68	23.200,98	
2023-02-21	2023-02-21	SP-50076845118 ENDESA ENERGIA	-49,40	23.151,58	
2023-02-21	2023-02-21	COMPRA   LEROY MERLIN SINTRA	-19,57	23.132,01	
2023-02-21	2023-02-21	COMPRA   BOTAMINUTO	-14,00	23.118,01	
2023-02-22	2023-02-20	COMPRA   NEWYORKER	-50,03	23.067,98	
2023-02-27	2023-02-27	LEV.ATM    3503	-200,00	22.867,98	
2023-02-27	2023-02-27	LEV.ATM    3503	-50,00	22.817,98	
					
