Balcão	Produto da conta	Moeda	Nª Conta		
SINTRA	CONTA EMP.ORDEM+	EUR	050.10.001073-0		
Nome 1º Titular	Movimentos	Data/hora Consulta			
SOCIEDADE UNIÃO SINTRENSE	De 2023-05-01 a 2023-05-31	2023-08-18 13:56			
Saldo Contabilístico	Saldo Descob. Autorizado	Saldo Indisponível	Saldo Cativo		
23.451,66	0,00	0,00	0,00		
Saldo Autorizado	Saldo Disponível				
23.451,66	23.451,66				
DATA MOV.	DATA VALOR	DESCRIÇÃO	IMPORTÂNCIA	SALDO CONTABILÍSTICO	
2023-05-02	2023-05-02	TRF.P/ DANIEL ALEXANDRE	-70,00	18.371,93	
2023-05-02	2023-05-02	SP-96611566046 Servicos Munici	-16,91	18.355,02	
2023-05-02	2023-05-02	SP-00026322892 SECURITAS DIREC	-58,43	18.296,59	
2023-05-07	2023-05-07	COMPRA   ORIENTE PERFEITO	-11,00	18.285,59	
2023-05-08	2023-05-08	COMPRA   PALADARES FRESCOS	-40,50	18.245,09	
2023-05-09	2023-05-09	SP-00531446107 VODAFONE PORTUG	-52,86	18.192,23	
2023-05-09	2023-05-09	TR-IPS-BDLS HSP, UNIPESSOAL LD	937,50	19.129,73	
2023-05-10	2023-05-10	LEV.ATM    3503	-40,00	19.089,73	
2023-05-11	2023-05-11	COMPRA   LEROY MERLIN SINTRA	-132,31	18.957,42	
2023-05-13	2023-05-11	COMPRA   PRIMARK SINTRA-FORUM	-63,50	18.893,92	
2023-05-13	2023-05-13	COMPRA   DONA ESTEFANIA	-38,25	18.855,67	
2023-05-13	2023-05-13	COMPRA   PASTELARIA GREGORIO	-20,40	18.835,27	
2023-05-13	2023-05-13	SOLUÇÃO ESOCIAL	-4,00	18.831,27	
2023-05-13	2023-05-13	I.S. COM. MAN. CTA PACOTE	-0,16	18.831,11	
2023-05-16	2023-05-16	SP-00010367661 MAFEP - Materia	-29,52	18.801,59	
2023-05-16	2023-05-16	TRF.IPS P/ MARTA ISABEL PINTO	-2,99	18.798,60	
2023-05-16	2023-05-16	TRF.IPS P/ MARTA ISABEL PINTO	-35,84	18.762,76	
2023-05-16	2023-05-16	TRF.IPS P/ MARTA ISABEL PINTO	-31,30	18.731,46	
2023-05-16	2023-05-16	TRF.IPS P/ RICARDO PEREIRA	-60,00	18.671,46	
2023-05-16	2023-05-16	TRF.IPS P/ MARTA ISABEL PINTO	-33,50	18.637,96	
2023-05-16	2023-05-16	TRF.IPS P/ MARTA ISABEL PINTO	-14,51	18.623,45	
2023-05-16	2023-05-16	TRF.IPS P/ MARTA ISABEL PINTO	-19,25	18.604,20	
2023-05-16	2023-05-16	TRF.IPS P/ MARTA ISABEL PINTO	-3,75	18.600,45	
2023-05-18	2023-05-18	SP-20000453514 FIDELIDADE COMP	-223,31	18.377,14	
2023-05-18	2023-05-18	SP-20000448811 FIDELIDADE COMP	-223,45	18.153,69	
2023-05-19	2023-05-19	TR-UNIAO DAS FREGUESIAS DE SIN	2.500,00	20.653,69	
2023-05-22	2023-05-22	COMPRA   MAREC ESPACO CASA SA	-67,42	20.586,27	
2023-05-22	2023-05-22	COMPRA   FORUM CHINA	-47,03	20.539,24	
2023-05-23	2023-05-23	SP-50076845506 ENDESA ENERGIA	-12,63	20.526,61	
2023-05-23	2023-05-23	SP-50076845118 ENDESA ENERGIA	-134,22	20.392,39	
2023-05-26	2023-05-26	SP-96611566046 Servicos Munici	-30,40	20.361,99	
2023-05-29	2023-05-29	TRF. SARA MARQUES BOIALVO	6,00	20.367,99	
2023-05-30	2023-05-30	TRF.P/ DANIEL ALEXANDRE	-70,00	20.297,99	
					
