Balcão	Produto da conta	Moeda	Nª Conta		
SINTRA	CONTA EMP.ORDEM+	EUR	050.10.001073-0		
Nome 1º Titular	Movimentos	Data/hora Consulta			
SOCIEDADE UNIÃO SINTRENSE	De 2023-11-01 a 2023-11-30	2023-12-29 23:30			
Saldo Contabilístico	Saldo Descob. Autorizado	Saldo Indisponível	Saldo Cativo		
21.479,97	0,00	0,00	0,00		
Saldo Autorizado	Saldo Disponível				
21.479,97	21.479,97				
DATA MOV.	DATA VALOR	DESCRIÇÃO	IMPORTÂNCIA	SALDO CONTABILÍSTICO	
2023-11-01	2023-11-01	SP-00026322892 SECURITAS DIREC	-58,43	21.608,09	
2023-11-01	2023-10-30	COMPRA   IKEA ALFRAGIDE CAIXA	-7,00	21.601,09	
2023-11-02	2023-11-02	COMPRA   ESPACO CASA	-76,82	21.524,27	
2023-11-02	2023-11-02	COMPRA   MAKRO ALFRAGIDE	-51,54	21.472,73	
2023-11-02	2023-11-02	COMPRA   LEROY MERLIN SINTRA	-22,15	21.450,58	
2023-11-03	2023-11-03	COMPRA   PASTELARIA GREGORIO	-11,80	21.438,78	
2023-11-04	2023-11-02	COMPRA   IKEA ALFRAGIDE CAIXA	-47,80	21.390,98	
2023-11-07	2023-11-07	SP-00531446107 VODAFONE PORTUG	-52,20	21.338,78	
2023-11-07	2023-11-07	TR-IPS-BDLS HSP, UNIPESSOAL LD	937,50	22.276,28	
2023-11-09	2023-11-09	COMPRA   TIGER ALEGRO SINTRA	-30,00	22.246,28	
2023-11-11	2023-11-09	COMPRA   PRIMARK SINTRA-FORUM	-18,20	22.228,08	
2023-11-13	2023-11-13	SOLUÇÃO ESOCIAL	-4,00	22.224,08	
2023-11-13	2023-11-13	I.S. COM. MAN. CTA PACOTE	-0,16	22.223,92	
2023-11-16	2023-11-16	COMPRA   LIDL AGRADECE	-36,53	22.187,39	
2023-11-18	2023-11-18	COMPRA   LEROY MERLIN SINTRA	-178,95	22.008,44	
2023-11-18	2023-11-18	COMPRA   AUCHAN SINTRA	-39,86	21.968,58	
2023-11-18	2023-11-18	COMPRA   STAPLES PORTUGAL SA	-57,28	21.911,30	
2023-11-18	2023-11-18	COMPRA   FORUM CHINA	-23,00	21.888,30	
2023-11-20	2023-11-20	SP-20000453514 FIDELIDADE COMP	-223,31	21.664,99	
2023-11-21	2023-11-17	COMPRA   IKEA ALFRAGIDE CAIXA	-97,00	21.567,99	
2023-11-22	2023-11-22	COMPRA   POUPANCA MEM MARTINS	-89,89	21.478,10	
2023-11-22	2023-11-22	COMPRA   LIDL AGRADECE	-19,74	21.458,36	
2023-11-23	2023-11-23	SP-00010367661 MAFEP MATERIAL	-29,52	21.428,84	
2023-11-26	2023-11-26	COMPRA   ALCANCE A MANEIRA	-71,33	21.357,51	
2023-11-27	2023-11-27	SP-50076845506 ENDESA ENERGIA	-11,22	21.346,29	
2023-11-27	2023-11-27	SP-50076845118 ENDESA ENERGIA	-97,51	21.248,78	
2023-11-28	2023-11-28	SP-96611566046 Servicos Munici	-25,84	21.222,94	
2023-11-28	2023-11-26	COMPRA   IKEA ALFRAGIDE CAIXA	-24,00	21.198,94	
2023-11-30	2023-11-30	TRF.P/ DANIEL ALEXANDRE	-70,00	21.128,94	
					
