Balcão	Produto da conta	Moeda	Nª Conta		
SINTRA	CONTA EMP.ORDEM+	EUR	050.10.001073-0		
Nome 1º Titular	Movimentos	Data/hora Consulta			
SOCIEDADE UNIÃO SINTRENSE	De 2022-08-01 a 2022-08-31	2022-09-11 11:19			
Saldo Contabilístico	Saldo Descob. Autorizado	Saldo Indisponível	Saldo Cativo		
10.561,94	0,00	0,00	0,00		
Saldo Autorizado	Saldo Disponível				
10.561,94	10.561,94				
DATA MOV.	DATA VALOR	DESCRIÇÃO	IMPORTÂNCIA	SALDO CONTABILÍSTICO	
2022-08-01	2022-08-01	SP-00026322892 SECURITAS DIREC	-52,31	9.725,32	
2022-08-01	2022-08-01	COMPRA   BERTRAND LISBOA	-19,20	9.706,12	
2022-08-04	2022-08-04	COMPRA   A OUTRA FACE DA LUA	-24,00	9.682,12	
2022-08-05	2022-08-05	SP-10367661    MAFEP MATERIAL	-29,52	9.652,60	
2022-08-05	2022-08-05	SP-00531446107 VODAFONE PORTUG	-53,71	9.598,89	
2022-08-05	2022-08-05	TR-IPS-BDLS HSP, UNIPESSOAL LD	1.000,00	10.598,89	
2022-08-11	2022-08-11	SP-00026322892 SECURITAS DIREC	-3,69	10.595,20	
2022-08-13	2022-08-13	SOLUÇÃO ESOCIAL	-4,00	10.591,20	
2022-08-13	2022-08-13	I.S. COM. MAN. CTA PACOTE	-0,16	10.591,04	
2022-08-14	2022-08-14	COMPRA   LEROY MERLIN	-86,27	10.504,77	
2022-08-18	2022-08-18	SP-20000453514 FIDELIDADE COMP	-219,14	10.285,63	
2022-08-18	2022-08-18	PAG.SERV. 11604 733826662	-49,91	10.235,72	
2022-08-19	2022-08-19	SP-50076845118 ENDESA ENERGIA	-49,22	10.186,50	
2022-08-19	2022-08-19	SP-50076845506 ENDESA ENERGIA	-10,57	10.175,93	
2022-08-22	2022-08-22	COMPRA   MAXMAT AMADORA	-96,80	10.079,13	
2022-08-22	2022-08-22	COMPRA   LEROY MERLIN SINTRA	-17,16	10.061,97	
2022-08-29	2022-08-29	SP-96611566046 Servicos Munici	-28,60	10.033,37	
2022-08-29	2022-08-29	COMPRA   FORUM CHINA	-13,56	10.019,81	
2022-08-29	2022-08-29	COMPRA   HIPER CHINA	-22,30	9.997,51	
					
