Balcão	Produto da conta	Moeda	Nª Conta		
SINTRA	CONTA EMP.ORDEM+	EUR	050.10.001073-0		
Nome 1º Titular	Movimentos	Data/hora Consulta			
SOCIEDADE UNIÃO SINTRENSE	De 2022-09-01 a 2022-09-30	2022-11-03 17:36			
Saldo Contabilístico	Saldo Descob. Autorizado	Saldo Indisponível	Saldo Cativo		
8.971,22	0,00	0,00	0,00		
Saldo Autorizado	Saldo Disponível				
8.971,22	8.971,22				
DATA MOV.	DATA VALOR	DESCRIÇÃO	IMPORTÂNCIA	SALDO CONTABILÍSTICO	
2022-09-01	2022-09-01	SP-00026322892 SECURITAS DIREC	-56,00	9.941,51	
2022-09-03	2022-09-03	COMPRA   LEROY MERLIN SINTRA	-22,45	9.919,06	
2022-09-05	2022-09-05	COMPRA   KEBABISH	-23,89	9.895,17	
2022-09-07	2022-09-07	SP-10367661    MAFEP MATERIAL	-29,52	9.865,65	
2022-09-07	2022-09-07	SP-00531446107 VODAFONE PORTUG	-53,71	9.811,94	
2022-09-08	2022-09-08	TR-IPS-BDLS HSP, UNIPESSOAL LD	750,00	10.561,94	
2022-09-12	2022-09-12	COMPRA   LEROY MERLIN	-31,85	10.530,09	
2022-09-12	2022-09-12	COMPRA   LEROY MERLIN SINTRA	-32,40	10.497,69	
2022-09-12	2022-09-12	COMPRA   LEROY MERLIN SINTRA	-19,89	10.477,80	
2022-09-13	2022-09-13	SOLUÇÃO ESOCIAL	-4,00	10.473,80	
2022-09-13	2022-09-13	I.S. COM. MAN. CTA PACOTE	-0,16	10.473,64	
2022-09-14	2022-09-14	COMPRA   LEFTIES	-25,99	10.447,65	
2022-09-15	2022-09-15	TRF.IPS P/ RICARDO PEREIRA	-95,00	10.352,65	
2022-09-15	2022-09-15	TRF.IPS P/ RICARDO PEREIRA	-10,00	10.342,65	
2022-09-15	2022-09-15	TRF.IPS P/ RICARDO PEREIRA	-10,00	10.332,65	
2022-09-15	2022-09-15	TRF.IPS P/ RICARDO PEREIRA	-25,00	10.307,65	
2022-09-15	2022-09-15	TRF.IPS P/ RICARDO PEREIRA	-25,00	10.282,65	
2022-09-19	2022-09-19	SP-50076845118 ENDESA ENERGIA	-51,21	10.231,44	
2022-09-19	2022-09-19	SP-50076845506 ENDESA ENERGIA	-11,70	10.219,74	
2022-09-19	2022-09-19	COMPRA   ASSOCIACAO HUMANA	-15,00	10.204,74	
2022-09-19	2022-09-19	COMPRA   FABULA ELEGANTE LDA	-12,24	10.192,50	
2022-09-25	2022-09-25	TRF.IPS P/ RICARDO PEREIRA	-66,60	10.125,90	
2022-09-25	2022-09-25	TRF.IPS P/ VASCO PEREIRA	-170,00	9.955,90	
2022-09-25	2022-09-25	PAG.SERV. 11802 894293784	-11,50	9.944,40	
2022-09-26	2022-09-26	COMPRA   LEROY MERLIN SINTRA	-189,34	9.755,06	
2022-09-27	2022-09-27	SP-96611566046 Servicos Munici	-22,11	9.732,95	
2022-09-27	2022-09-27	COMPRA   ALCANCE MANEIRA UNIP	-55,56	9.677,39	
					
