Balcão	Produto da conta	Moeda	Nª Conta		
SINTRA	CONTA EMP.ORDEM+	EUR	050.10.001073-0		
Nome 1º Titular	Movimentos	Data/hora Consulta			
SOCIEDADE UNIÃO SINTRENSE	De 2022-05-01 a 2022-05-31	2022-06-26 14:29			
Saldo Contabilístico	Saldo Descob. Autorizado	Saldo Indisponível	Saldo Cativo		
9.827,88	0,00	0,00	0,00		
Saldo Autorizado	Saldo Disponível				
9.827,88	9.827,88				
DATA MOV.	DATA VALOR	DESCRIÇÃO	IMPORTÂNCIA	SALDO CONTABILÍSTICO	
2022-05-02	2022-05-02	SP-00026322892 SECURITAS DIREC	-52,31	7.432,66	
2022-05-05	2022-05-05	COMPRA   POUPANCA MEM MARTINS	-144,30	7.288,36	
2022-05-05	2022-05-05	COMPRA   HIPER CHINA	-15,00	7.273,36	
2022-05-06	2022-05-06	SP-10367661    MAFEP MATERIAL	-29,52	7.243,84	
2022-05-08	2022-05-08	COMPRA   PARQUES DE SINTRA	-8,00	7.235,84	
2022-05-09	2022-05-09	SP-00531446107 VODAFONE PORTUG	-64,17	7.171,67	
2022-05-11	2022-05-11	TR-IPS-BDLS HSP, UNIPESSOAL LD	2.000,00	9.171,67	
2022-05-12	2022-05-12	COMPRA   FORUM CHINA	-26,40	9.145,27	
2022-05-12	2022-05-12	COMPRA   LEROY MERLIN SINTRA	-70,39	9.074,88	
2022-05-12	2022-05-12	COMPRA   AUCHAN SINTRA	-29,90	9.044,98	
2022-05-12	2022-05-12	COMPRA   BOTAMINUTO	-9,20	9.035,78	
2022-05-13	2022-05-13	COMPRA   PASTELARIA GREGORIO	-16,70	9.019,08	
2022-05-13	2022-05-13	SOLUÇÃO ESOCIAL	-4,00	9.015,08	
2022-05-13	2022-05-13	I.S. COM. MAN. CTA PACOTE	-0,16	9.014,92	
2022-05-14	2022-05-14	COMPRA   DONA ESTEFANIA	-25,00	8.989,92	
2022-05-18	2022-05-18	SP-20000453514 FIDELIDADE COMP	-219,14	8.770,78	
2022-05-18	2022-05-18	SP-20000448811 FIDELIDADE COMP	-223,45	8.547,33	
2022-05-19	2022-05-19	SP-50076845506 ENDESA ENERGIA	-10,22	8.537,11	
2022-05-20	2022-05-20	SP-50076845118 ENDESA ENERGIA	-59,58	8.477,53	
2022-05-23	2022-05-23	TR-UNIAO DAS FREGUESIAS DE SIN	1.000,00	9.477,53	
2022-05-26	2022-05-26	SP-96611566046 Servicos Munici	-21,65	9.455,88	
					
