Balcão	Produto da conta	Moeda	Nª Conta		
SINTRA	CONTA EMP.ORDEM+	EUR	050.10.001073-0		
Nome 1º Titular	Movimentos	Data/hora Consulta			
SOCIEDADE UNIÃO SINTRENSE	De 2022-03-01 a 2022-03-31	2022-05-15 20:46			
Saldo Contabilístico	Saldo Descob. Autorizado	Saldo Indisponível	Saldo Cativo		
8.989,92	0,00	0,00	0,00		
Saldo Autorizado	Saldo Disponível				
8.989,92	8.989,92				
DATA MOV.	DATA VALOR	DESCRIÇÃO	IMPORTÂNCIA	SALDO CONTABILÍSTICO	
2022-03-01	2022-03-01	SP-96611566046 Servicos Munici	-15,62	9.698,16	
2022-03-01	2022-03-01	SP-00026322892 SECURITAS DIREC	-52,31	9.645,85	
2022-03-06	2022-03-06	COMPRA   MEDIA MARKT SINTRA	-15,98	9.629,87	
2022-03-07	2022-03-07	COMPRA   SINTRA ELECTRICA DE	-55,50	9.574,37	
2022-03-07	2022-03-07	TRF.P/ TIPOGRAFIA MEDINA SA	-15,10	9.559,27	
2022-03-07	2022-03-07	TRF.P/ SOCIEDADE PORTUGUESA DE	-37,50	9.521,77	
2022-03-07	2022-03-07	TRF.P/ MEDIMAPE	-102,12	9.419,65	
2022-03-07	2022-03-07	TRF.P/ BARBARA RITA SANTOS	-8,00	9.411,65	
2022-03-11	2022-03-11	SP-00531446107 VODAFONE PORTUG	-54,61	9.357,04	
2022-03-12	2022-03-12	COMPRA   LEROY MERLIN SINTRA	-85,51	9.271,53	
2022-03-12	2022-03-12	COMPRA   FORUM CHINA	-67,05	9.204,48	
2022-03-13	2022-03-13	SOLUÇÃO ESOCIAL	-4,00	9.200,48	
2022-03-13	2022-03-13	I.S. COM. MAN. CTA PACOTE	-0,16	9.200,32	
2022-03-14	2022-03-14	SP-10367661    MAFEP MATERIAL	-29,52	9.170,80	
2022-03-14	2022-03-14	COMPRA   PARK DOS TECIDOS	-17,26	9.153,54	
2022-03-14	2022-03-14	COMPRA   AURORA CELESTIAL	-58,25	9.095,29	
2022-03-14	2022-03-14	COMPRA   POUPANCA MEM MARTINS	-45,35	9.049,94	
2022-03-14	2022-03-14	COMPRA   HIPER CHINA	-59,35	8.990,59	
2022-03-14	2022-03-14	COMPRA   TINTAS CIN - SINTRA	-64,13	8.926,46	
2022-03-14	2022-03-14	TRF. AMÉLIA IRENE FRANÇA RODRI	-500,00	8.426,46	
2022-03-17	2022-03-17	COMPRA   STAPLES PORTUGAL SA	-18,67	8.407,79	
2022-03-18	2022-03-18	COMPRA   PALADARES FRESCOS	-44,70	8.363,09	
2022-03-18	2022-03-18	COMPRA   POUPANCA MEM MARTINS	-60,12	8.302,97	
2022-03-18	2022-03-18	COMPRA   FORUM CHINA	-56,30	8.246,67	
2022-03-19	2022-03-19	COMPRA   PIRIQUITA II	-40,00	8.206,67	
2022-03-21	2022-03-21	SP-50076845118 ENDESA ENERGIA	-43,32	8.163,35	
2022-03-22	2022-03-22	SP-50076845506 ENDESA ENERGIA	-9,15	8.154,20	
2022-03-22	2022-03-20	LEVANTAM.  3503	-200,00	7.954,20	
2022-03-28	2022-03-28	SP-96611566046 Servicos Munici	-23,15	7.931,05	
2022-03-28	2022-03-28	COMPRA   LEROY MERLIN SINTRA	-43,46	7.887,59	
2022-03-28	2022-03-28	COMPRA   LEROY MERLIN SINTRA	-27,94	7.859,65	
2022-03-30	2022-03-30	COMPRA   CINTRAFER	-94,76	7.764,89	
2022-03-30	2022-03-30	COMPRA   LEROY MERLIN SINTRA	-40,36	7.724,53	
					
