Balcão	Produto da conta	Moeda	Nª Conta		
SINTRA	CONTA EMP.ORDEM+	EUR	050.10.001073-0		
Nome 1º Titular	Movimentos	Data/hora Consulta			
SOCIEDADE UNIÃO SINTRENSE	De 2022-11-01 a 2022-11-30	2023-01-14 17:21			
Saldo Contabilístico	Saldo Descob. Autorizado	Saldo Indisponível	Saldo Cativo		
8.697,71	0,00	0,00	0,00		
Saldo Autorizado	Saldo Disponível				
8.697,71	8.697,71				
DATA MOV.	DATA VALOR	DESCRIÇÃO	IMPORTÂNCIA	SALDO CONTABILÍSTICO	
2022-11-01	2022-11-01	SP-00026322892 SECURITAS DIREC	-56,00	9.061,21	
2022-11-01	2022-11-01	COMPRA   LEROY MERLIN	-89,99	8.971,22	
2022-11-06	2022-11-06	TRF.IPS P/ RICARDO PEREIRA	-99,03	8.872,19	
2022-11-06	2022-11-06	TRF.IPS P/ RICARDO PEREIRA	-17,00	8.855,19	
2022-11-06	2022-11-06	TRF.IPS P/ RICARDO PEREIRA	-59,99	8.795,20	
2022-11-07	2022-11-07	SP-00531446107 VODAFONE PORTUG	-53,71	8.741,49	
2022-11-08	2022-11-08	TR-BDLS HSP, UNIPESSOAL LDA	750,00	9.491,49	
2022-11-09	2022-11-09	SP-10367661    MAFEP MATERIAL	-29,52	9.461,97	
2022-11-10	2022-11-10	COMPRA   LIDL AGRADECE	-27,22	9.434,75	
2022-11-13	2022-11-13	SOLUÇÃO ESOCIAL	-4,00	9.430,75	
2022-11-13	2022-11-13	I.S. COM. MAN. CTA PACOTE	-0,16	9.430,59	
2022-11-18	2022-11-18	SP-20000453514 FIDELIDADE COMP	-219,14	9.211,45	
2022-11-21	2022-11-21	COMPRA   FORUM CHINA	-63,35	9.148,10	
2022-11-24	2022-11-24	SP-50076845506 ENDESA ENERGIA	-11,17	9.136,93	
2022-11-24	2022-11-24	SP-50076845118 ENDESA ENERGIA	-70,43	9.066,50	
2022-11-28	2022-11-28	SP-96611566046 Servicos Munici	-12,83	9.053,67	
					
