Balcão	Produto da conta	Moeda	Nª Conta		
SINTRA	CONTA EMP.ORDEM+	EUR	050.10.001073-0		
Nome 1º Titular	Movimentos	Data/hora Consulta			
SOCIEDADE UNIÃO SINTRENSE	De 2022-06-01 a 2022-06-30	2022-08-03 10:23			
Saldo Contabilístico	Saldo Descob. Autorizado	Saldo Indisponível	Saldo Cativo		
9.706,12	0,00	0,00	0,00		
Saldo Autorizado	Saldo Disponível				
9.706,12	9.706,12				
DATA MOV.	DATA VALOR	DESCRIÇÃO	IMPORTÂNCIA	SALDO CONTABILÍSTICO	
2022-06-01	2022-06-01	SP-00026322892 SECURITAS DIREC	-52,31	9.403,57	
2022-06-06	2022-06-06	SP-00531446107 VODAFONE PORTUG	-53,71	9.349,86	
2022-06-08	2022-06-08	SP-10367661    MAFEP MATERIAL	-29,52	9.320,34	
2022-06-08	2022-06-08	TR-IPS-BDLS HSP, UNIPESSOAL LD	1.000,00	10.320,34	
2022-06-12	2022-06-12	TRF.IPS P/ MARTA ISABEL PINTO	-55,00	10.265,34	
2022-06-12	2022-06-12	TRF.IPS P/ RICARDO PEREIRA	-60,09	10.205,25	
2022-06-12	2022-06-12	TRF.IPS P/ BARBARA RITA SANTO	-14,95	10.190,30	
2022-06-12	2022-06-12	TRF.IPS P/ BARBARA RITA SANTO	-25,00	10.165,30	
2022-06-12	2022-06-12	TRF.IPS P/ INOV COMPOSITOS	-153,75	10.011,55	
2022-06-13	2022-06-13	SOLUÇÃO ESOCIAL	-4,00	10.007,55	
2022-06-13	2022-06-13	I.S. COM. MAN. CTA PACOTE	-0,16	10.007,39	
2022-06-14	2022-06-14	COMPRA   REST PIC NIC	-55,10	9.952,29	
2022-06-20	2022-06-20	SP-50076845118 ENDESA ENERGIA	-63,89	9.888,40	
2022-06-20	2022-06-20	SP-50076845506 ENDESA ENERGIA	-10,52	9.877,88	
2022-06-20	2022-06-20	TRF. AMÉLIA IRENE FRANÇA RODRI	-50,00	9.827,88	
					
