Balcão	Produto da conta	Moeda	Nª Conta		
SINTRA	CONTA EMP.ORDEM+	EUR	050.10.001073-0		
Nome 1º Titular	Movimentos	Data/hora Consulta			
SOCIEDADE UNIÃO SINTRENSE	De 2022-07-01 a 2022-07-31	2022-08-03 10:23			
Saldo Contabilístico	Saldo Descob. Autorizado	Saldo Indisponível	Saldo Cativo		
9.706,12	0,00	0,00	0,00		
Saldo Autorizado	Saldo Disponível				
9.706,12	9.706,12				
DATA MOV.	DATA VALOR	DESCRIÇÃO	IMPORTÂNCIA	SALDO CONTABILÍSTICO	
2022-07-01	2022-07-01	SP-96611566046 Servicos Munici	-20,48	9.807,40	
2022-07-01	2022-07-01	SP-00026322892 SECURITAS DIREC	-52,31	9.755,09	
2022-07-06	2022-07-06	SP-00531446107 VODAFONE PORTUG	-53,71	9.701,38	
2022-07-07	2022-07-07	SP-10367661    MAFEP MATERIAL	-29,52	9.671,86	
2022-07-07	2022-07-07	TR-IPS-BDLS HSP, UNIPESSOAL LD	1.000,00	10.671,86	
2022-07-13	2022-07-13	SOLUÇÃO ESOCIAL	-4,00	10.667,86	
2022-07-13	2022-07-13	I.S. COM. MAN. CTA PACOTE	-0,16	10.667,70	
2022-07-15	2022-07-15	COMPRA   GATO PRETO	-31,70	10.636,00	
2022-07-17	2022-07-17	COMPRA   GATO PRETO	-7,15	10.628,85	
2022-07-20	2022-07-20	SP-50076845118 ENDESA ENERGIA	-51,25	10.577,60	
2022-07-20	2022-07-20	SP-50076845506 ENDESA ENERGIA	-10,54	10.567,06	
2022-07-24	2022-07-24	COMPRA   TIGER PORTUGAL, SA	-12,00	10.555,06	
2022-07-25	2022-07-25	COMPRA   SECURITAS DIRECT	-213,40	10.341,66	
2022-07-26	2022-07-26	COMPRA   LEROY MERLIN SINTRA	-57,33	10.284,33	
2022-07-26	2022-07-26	COMPRA   LEROY MERLIN SINTRA	-67,14	10.217,19	
2022-07-26	2022-07-26	COMPRA   LEROY MERLIN SINTRA	-30,00	10.187,19	
2022-07-26	2022-07-26	LEV.ATM    3503	-200,00	9.987,19	
2022-07-26	2022-07-26	LEV.ATM    3503	-190,00	9.797,19	
2022-07-27	2022-07-27	SP-96611566046 Servicos Munici	-19,56	9.777,63	
					
