Balcão	Produto da conta	Moeda	Nª Conta		
SINTRA	CONTA EMP.ORDEM+	EUR	050.10.001073-0		
Nome 1º Titular	Movimentos	Data/hora Consulta			
SOCIEDADE UNIÃO SINTRENSE	De 2024-01-01 a 2024-01-31	2024-02-25 12:17			
Saldo Contabilístico	Saldo Descob. Autorizado	Saldo Indisponível	Saldo Cativo		
21.851,94	0,00	0,00	0,00		
Saldo Autorizado	Saldo Disponível				
21.851,94	21.851,94				
DATA MOV.	DATA VALOR	DESCRIÇÃO	IMPORTÂNCIA	SALDO CONTABILÍSTICO	
2024-01-02	2024-01-02	TRF.P/ DANIEL ALEXANDRE	-70,00	21.409,97	
2024-01-02	2024-01-02	SP-96611566046 Servicos Munici	-24,84	21.385,13	
2024-01-02	2024-01-02	SP-00026322892 SECURITAS DIREC	-60,89	21.324,24	
2024-01-03	2024-01-03	COMPRA   BK19430-MEM MARTINS	-12,24	21.312,00	
2024-01-05	2024-01-05	COMPRA   PINGO DOCE SINTRA	-32,38	21.279,62	
2024-01-09	2024-01-09	SP-00531446107 VODAFONE PORTUG	-52,20	21.227,42	
2024-01-12	2024-01-12	SP-00010367661 MAFEP - Materia	-29,52	21.197,90	
2024-01-13	2024-01-13	SOLUÇÃO ESOCIAL	-4,00	21.193,90	
2024-01-13	2024-01-13	I.S. COM. MAN. CTA PACOTE	-0,16	21.193,74	
2024-01-17	2024-01-17	TRF. MARIA EMILIA MIRANDA UNIP	-171,50	21.022,24	
2024-01-17	2024-01-17	COMPRA   ZARA	-130,05	20.892,19	
2024-01-18	2024-01-18	SP-50076845118 ENDESA ENERGIA	-61,26	20.830,93	
2024-01-19	2024-01-19	SP-50076845506 ENDESA ENERGIA	-14,67	20.816,26	
2024-01-20	2024-01-18	COMPRA   COISAS DO ARCO DA VE	-50,00	20.766,26	
2024-01-23	2024-01-23	TR-IPS-BDLS HSP, UNIPESSOAL LD	1.002,56	21.768,82	
2024-01-29	2024-01-29	SP-96611566046 Servicos Munici	-25,42	21.743,40	
					
