Balcão	Produto da conta	Moeda	Nª Conta		
SINTRA	CONTA EMP.ORDEM+	EUR	050.10.001073-0		
Nome 1º Titular	Movimentos	Data/hora Consulta			
SOCIEDADE UNIÃO SINTRENSE	De 2020-01-01 a 2020-04-10	2020-04-10 14:54			
Saldo Contabilístico	Saldo Descob. Autorizado	Saldo Indisponível	Saldo Cativo		
4.609,81	0,00	0,00	0,00		
Saldo Autorizado	Saldo Disponível				
4.609,81	4.609,81				
DATA MOV.	DATA VALOR	DESCRIÇÃO	IMPORTÂNCIA	SALDO CONTABILÍSTICO	
2020-01-02	2020-01-02	SP-00026322892 SECURITAS DIREC	-50,38	5.148,91	
2020-01-02	2020-01-02	SP-96611566046 Servicos Munici	-19,55	5.129,36	
2020-01-03	2020-01-03	COMPRA   LEROY MERLIN SINTRA	-53,47	5.075,89	
2020-01-03	2020-01-03	COMISSÃO MANUTENÇÃO DE CONTA	-5,00	5.070,89	
2020-01-03	2020-01-03	I.SELO OP.BANC.	-0,20	5.070,69	
2020-01-06	2020-01-06	SP-00531446107 VODAFONE PORTUG	-69,93	5.000,76	
2020-01-07	2020-01-05	COMPRA   IKEA ALFRAGIDE LINHA	-15,90	4.984,86	
2020-01-08	2020-01-08	SP-10367661    MAFEP MATERIAL	-29,52	4.955,34	
2020-01-10	2020-01-10	TRF. PT50001800000671233402153	-130,95	4.824,39	
2020-01-13	2020-01-13	SP-P05100001520EDP SERVICO UNI	-27,92	4.796,47	
2020-01-15	2020-01-15	SP-P05100001520EDP SERVICO UNI	-209,53	4.586,94	
2020-01-15	2020-01-15	COMPRA   AUCHAN SINTRA	-10,97	4.575,97	
2020-01-28	2020-01-28	SP-96611566046 Servicos Munici	-19,15	4.556,82	
2020-01-28	2020-01-28	COMPRA   LEROY MERLIN SINTRA	-189,53	4.367,29	
2020-01-28	2020-01-28	COMPRA   SINTRA ELECTRICA DE	-30,78	4.336,51	
2020-02-02	2020-02-02	COMPRA   LEROY MERLIN SINTRA	-33,48	4.303,03	
2020-02-03	2020-02-03	SP-00026322892 SECURITAS DIREC	-50,38	4.252,65	
2020-02-04	2020-02-04	TR-MUNICIPIO DE SINTRA	750,00	5.002,65	
2020-02-04	2020-02-04	COMISSÃO MANUTENÇÃO DE CONTA	-5,00	4.997,65	
2020-02-04	2020-02-04	I.SELO OP.BANC.	-0,20	4.997,45	
2020-02-05	2020-02-05	SP-00531446107 VODAFONE PORTUG	-70,89	4.926,56	
2020-02-06	2020-02-06	SP-10367661    MAFEP MATERIAL	-29,52	4.897,04	
2020-02-06	2020-02-06	COMPRA   HIPER CHINA	-20,05	4.876,99	
2020-02-17	2020-02-17	TRF. PT50001800032273467702065	-97,53	4.779,46	
2020-02-17	2020-02-17	TRF. PT50000700000032524109823	-36,00	4.743,46	
2020-02-21	2020-02-21	TRF. PT50078101120112001311680	-30,00	4.713,46	
2020-02-21	2020-02-21	COMPRA   LEROY MERLIN SINTRA	-19,84	4.693,62	
2020-02-28	2020-02-28	SP-96611566046 Servicos Munici	-20,21	4.673,41	
2020-02-28	2020-02-28	PAG.SERV. 11990 411558820	-393,60	4.279,81	
2020-02-29	2020-02-29	COMPRA   PIRIQUITA 1	-7,50	4.272,31	
2020-03-01	2020-03-01	COMPRA   LEROY MERLIN	-14,88	4.257,43	
2020-03-02	2020-03-02	SP-00026322892 SECURITAS DIREC	-50,38	4.207,05	
2020-03-02	2020-03-02	TRF. PT50003501810000046033029	-1.160,00	3.047,05	
2020-03-03	2020-03-03	TR-EDP	20,29	3.067,34	
2020-03-03	2020-03-03	COMISSÃO MANUTENÇÃO DE CONTA	-5,00	3.062,34	
2020-03-03	2020-03-03	I.SELO OP.BANC.	-0,20	3.062,14	
2020-03-06	2020-03-06	SP-10367661    MAFEP MATERIAL	-29,52	3.032,62	
2020-03-06	2020-03-06	SP-00531446107 VODAFONE PORTUG	-80,89	2.951,73	
2020-03-09	2020-03-09	COMPRA   LEROY MERLIN SINTRA	-155,97	2.795,76	
2020-03-10	2020-03-10	TRF. PT50003300000000812850405	-28,13	2.767,63	
2020-03-16	2020-03-16	SP-P05100001520EDP SERVICO UNI	-213,66	2.553,97	
2020-03-26	2020-03-26	SP-96611566046 Servicos Munici	-4,64	2.549,33	
2020-04-01	2020-04-01	SP-00026322892 SECURITAS DIREC	-50,38	2.498,95	
2020-04-02	2020-04-02	COMISSÃO MANUTENÇÃO DE CONTA	-5,00	2.493,95	
2020-04-02	2020-04-02	I.SELO OP.BANC.	-0,20	2.493,75	
2020-04-03	2020-04-03	SP-00531446107 VODAFONE PORTUG	-75,84	2.417,91	
2020-04-03	2020-04-03	TRF. PT50003600509910031520496	-106,00	2.311,91	
2020-04-03	2020-04-03	TRF. PT50000700000032524109823	-108,00	2.203,91	
2020-04-07	2020-04-07	SP-10367661    MAFEP MATERIAL	-29,52	2.174,39	
2020-04-08	2020-04-08	TRF. PT50003300004536624719105	-33,83	2.140,56	
2020-04-08	2020-04-08	TRF. PT50003300004536624719105	-30,75	2.109,81	
2020-04-09	2020-04-09	TR-UNIAO FREGUESIAS SINTRA	2.500,00	4.609,81	
					
